@thesis{thesis,
	author = {Maria Teresa Chietera},
	title = {Studio del feedback visivo per un'installazione interattiva},
	year = {2013},
}